<?xml version="1.0" encoding="UTF-8"?><collection xmlns="http://www.loc.gov/MARC21/slim"><record><leader>00407nam--2200133-i-4500</leader><controlfield tag="001">000026152</controlfield><controlfield tag="002">20161230</controlfield><controlfield tag="005">20170206180905</controlfield><controlfield tag="008">060222s1000------------r-----000-0-eng-d</controlfield><datafield ind1=" " ind2=" " tag="245"><subfield code="a">International series of monographs in electrical engineering. Vol. 7. computer techniques for electromagnetics</subfield></datafield><datafield ind1=" " ind2=" " tag="260"><subfield code="a">Oxford</subfield><subfield code="b">Pergamon Press</subfield><subfield code="c">1973</subfield></datafield><datafield ind1=" " ind2=" " tag="700"><subfield code="a">Mittra, R</subfield></datafield><datafield ind1=" " ind2=" " tag="852"><subfield code="a">41949</subfield></datafield><datafield ind1=" " ind2=" " tag="CAT"><subfield code="a">SYS</subfield><subfield code="c">20170206</subfield><subfield code="h">180905</subfield></datafield></record></collection>